<record><leader>00000cas a22000007a 4500</leader><controlfield tag="001">16531072</controlfield><controlfield tag="008">870824d19301935msuwr ne      0    0eng d</controlfield><datafield ind1=" " ind2=" " tag="010"><subfield code="a">sn 87065515 </subfield></datafield><datafield ind1=" " ind2=" " tag="040"><subfield code="a">MJA</subfield><subfield code="b">eng</subfield><subfield code="c">MJA</subfield><subfield code="d">MSJ</subfield><subfield code="d">OCLCQ</subfield></datafield><datafield ind1=" " ind2=" " tag="042"><subfield code="a">msc</subfield></datafield><datafield ind1="0" ind2="0" tag="245"><subfield code="a">Yalobusha Democrat.</subfield></datafield><datafield ind1=" " ind2=" " tag="260"><subfield code="a">Water Valley, Miss. :</subfield><subfield code="b">Democrat Pub. Co.</subfield></datafield><datafield ind1=" " ind2=" " tag="310"><subfield code="a">Weekly</subfield></datafield><datafield ind1="1" ind2=" " tag="362"><subfield code="a">Began with May 22, 1930 issue; ceased in 1935.</subfield></datafield><datafield ind1=" " ind2=" " tag="588"><subfield code="a">Description based on: Vol. 1, no. 2 (May 29, 1930).</subfield></datafield><datafield ind1=" " ind2=" " tag="752"><subfield code="a">United States</subfield><subfield code="b">Mississippi</subfield><subfield code="c">Yalobusha</subfield><subfield code="d">Water Valley.</subfield></datafield><datafield ind1="0" ind2="4" tag="785"><subfield code="t">North Mississippi herald (Water Valley, Miss. : 1929)</subfield><subfield code="w">(OCoLC)16568106</subfield></datafield></record>